
@misc{asa_stat,
	journal = {{ASA} Statistical Computing Data Expo 2009},
	note = {\url{http://stat-computing.org/dataexpo/2009/}},
	year = {2009},
	title = {Airline on-time performance}
}

@misc{flightcaster,
	author = {Flightcaster},
	note = {\url{http://www.datawrangling.com/how-flightcaster-squeezes-predictions- from-flight-data/}},
	year = {2015},
	title = {Flightcaster}
}

@misc{knowdelay,
	author = {KnowDelay},
	note = {\url{http://www.knowdelay.com/}},
	year = {2015},
	title = {KnowDelay}
}

@misc{bostonu,
	author = {Tim Stefanski},
	note = {\url{http://cs-people.bu.edu/dgs/courses/cs105/hall_of_fame/timoteo.html}},
	year = {2009},
	note = {Last accessed: 4 Nov 2015},
	title = {Predicting Flight Delays Through Data Mining}
}

@misc{Xu_1estimation,
    author = {Ning Xu and George Donohue and Kathryn Blackmond Laskey and Chun-hung Chen},
    title = {1 ESTIMATION OF DELAY PROPAGATION IN AVIATION SYSTEM USING BAYESIAN NETWORK},
    year = {}
}

@misc{lawson,
	author = {Dieterich Lawson and William Castillo},
	note = {\url{http://cs229.stanford.edu/proj2012/CastilloLawson-PredictingFlightDelays.pdf}},
	year = {2012},
	note = {Last accessed: 4 Nov 2015},
	title = {Predicting Flight Delays}
}

@misc{yanxiang,
	author = {Zhu Yanxiang, Niles Padwal and Li Mingxuan},
	url = {http://www.slideshare.net/mingxuanli587/final-37296711},
	year = {2014},
	note = {Last accessed: 4 Nov 2015},
	title = {Data Analysis of U.S. Airlines On-time Performance}
}

@misc{smithsvm,
    author = {David A. Smith and Lance Sherry},
    title = {Decision Support Tool for Predicting Aircraft Arrival Rates, Ground Delay Programs and Airport Delays from Weather Forecasts},
    year = {}
}

@inproceedings{juannetwork,
    author = {Juan Jose Rebollo and Hamsa Balakrishnan},
    title = {A Network-Based Model for Predicting Air Traffic Delays},
    journal = {5th International Conference on Research in Air Transportation (ICRAT 2012)},
    year = {2012}
}
